@Manual{R,
  title = {R: A Language and Environment for Statistical Computing},
  author = {{R Core Team}},
  organization = {R Foundation for Statistical Computing},
  address = {Vienna, Austria},
  year = {2012},
  note = {{ISBN} 3-900051-07-0},
  url = {http://www.R-project.org/},
}

@Manual{FSelector,
  title = {FSelector: Selecting Attributes},
  author = {Piotr Romanski and Lars Kotthoff},
  year = {2016},
  note = {R package version 0.21},
  url = {https://CRAN.R-project.org/package=FSelector},
}



@article{Hall:2009:WDM:1656274.1656278,
 author = {Hall, Mark and Frank, Eibe and Holmes, Geoffrey and Pfahringer, Bernhard and Reutemann, Peter and Witten, Ian H.},
 title = {The WEKA Data Mining Software: An Update},
 journal = {SIGKDD Explor. Newsl.},
 issue_date = {June 2009},
 volume = {11},
 number = {1},
 month = nov,
 year = {2009},
 issn = {1931-0145},
 pages = {10--18},
 numpages = {9},
 url = {http://doi.acm.org/10.1145/1656274.1656278},
 doi = {10.1145/1656274.1656278},
 acmid = {1656278},
 publisher = {ACM},
 address = {New York, NY, USA},
}


@Manual{Matrix,
  title = {Matrix: Sparse and Dense Matrix Classes and Methods},
  author = {Douglas Bates and Martin Maechler},
  year = {2016},
  note = {R package version 1.2-7},
  url = {https://CRAN.R-project.org/package=Matrix},
}


@inproceedings{Fayyad1993,
    author = {Fayyad, U. M. and Irani, K. B.},
    booktitle = {13th International Joint Conference on Uncertainly in Artificial Intelligence(IJCAI93)},
    citeulike-article-id = {6584254},
    keywords = {discretization},
    pages = {1022--1029},
    posted-at = {2010-01-24 22:34:23},
    priority = {1},
    title = {{Multi-Interval Discretization of Continuous-Valued Attributes for Classification Learning}},
    year = {1993}
}


@Manual{entropy,
  title = {entropy: Estimation of Entropy, Mutual Information and Related Quantities},
  author = {Jean Hausser and Korbinian Strimmer},
  year = {2014},
  note = {R package version 1.2.1},
  url = {https://CRAN.R-project.org/package=entropy},
}



@article{Shannon:2001:MTC:584091.584093,
 author = {Shannon, C. E.},
 title = {A Mathematical Theory of Communication},
 journal = {SIGMOBILE Mob. Comput. Commun. Rev.},
 issue_date = {January 2001},
 volume = {5},
 number = {1},
 month = jan,
 year = {2001},
 issn = {1559-1662},
 pages = {3--55},
 numpages = {53},
 url = {http://doi.acm.org/10.1145/584091.584093},
 doi = {10.1145/584091.584093},
 acmid = {584093},
 publisher = {ACM},
 address = {New York, NY, USA},
}


@article{PCA:14786440109462720,
author = { Karl   Pearson   F.R.S. },
title = {LIII. On lines and planes of closest fit to systems of points in space},
journal = {Philosophical Magazine Series 6},
volume = {2},
number = {11},
pages = {559-572},
year = {1901},
}


@article{eckart1936approximation,
  added-at = {2011-09-09T21:52:21.000+0200},
  author = {Eckart, C. and Young, G.},
  biburl = {http://www.bibsonomy.org/bibtex/2f6204fbc1fb7caedf14aa1cad1f5ae9c/ytyoun},
  doi = {10.1007/BF02288367},
  interhash = {49db7aec5e922a0a87afb078bb1d2584},
  intrahash = {f6204fbc1fb7caedf14aa1cad1f5ae9c},
  journal = {Psychometrika},
  keywords = {matrix norm},
  number = 3,
  pages = {211--218},
  publisher = {Springer},
  timestamp = {2011-09-09T21:52:21.000+0200},
  title = {The approximation of one matrix by another of lower rank},
  volume = 1,
  year = 1936
}


@Article{Boruta,
  title = {Feature Selection with the {Boruta} Package},
  author = {Miron B. Kursa and Witold R. Rudnicki},
  journal = {Journal of Statistical Software},
  year = {2010},
  volume = {36},
  number = {11},
  pages = {1--13},
  url = {http://www.jstatsoft.org/v36/i11/},
}




@electronic{geneticAlgo,
  added-at = {2015-05-25T13:54:39.000+0200},
  address = {New York, NY},
  author = {Kuhn, Max and Johnson, Kjell},
  biburl = {http://www.bibsonomy.org/bibtex/20ffe1d130cc2d823a0d83058c337dd8d/vivion},
  booktitle = {Applied Predictive Modeling},
  description = {Applied Predictive Modeling: 9781461468486: Medicine & Health Science Books @ Amazon.com},
  interhash = {28fb1de6e768ed47c29f0a5d6d6dbe5d},
  intrahash = {0ffe1d130cc2d823a0d83058c337dd8d},
  isbn = {9781461468493 1461468493 1461468485 9781461468486},
  keywords = {ML data-science machine-learning statistics},
  publisher = {Springer},
  refid = {844349710},
  timestamp = {2015-05-25T14:06:06.000+0200},
  title = {Applied predictive modeling},
  url = {http://www.amazon.com/Applied-Predictive-Modeling-Max-Kuhn/dp/1461468485/},
  year = 2013
}

@inproceedings{FedCSIS2013l106,
	author={Amira Sayed A. Aziz and Ahmad Taher Azar and Mostafa A. Salama and Aboul Ella Hassanien and Sanaa El Ola Hanfy},
	pages={pages 769--774. },
	title={Genetic Algorithms with Different Feature Selection Techniques for Anomaly Detectors Generation},
	booktitle={Proceedings of the 2013 Federated Conference on Computer Science and Information Systems},
	year={2013},
	editor={M. Ganzha, L. Maciaszek, M. Paprzycki},
	publisher={IEEE},
}



@INPROCEEDINGS{John94irrelevantfeatures,
    author = {George H. John and Ron Kohavi and Karl Pfleger},
    title = {Irrelevant Features and the Subset Selection Problem},
    booktitle = {MACHINE LEARNING: PROCEEDINGS OF THE ELEVENTH INTERNATIONAL},
    year = {1994},
    pages = {121--129},
    publisher = {Morgan Kaufmann}
}


@article{Khachaturyan:a19748,
author = "Khachaturyan, A. and Semenovsovskaya, S. and Vainshtein, B.",
title = "{The thermodynamic approach to the structure analysis of crystals}",
journal = "Acta Crystallographica Section A",
year = "1981",
volume = "37",
number = "5",
pages = "742--754",
month = "Sep",
}


@article{glmnet,
 author = {Jerome Friedman and Trevor Hastie and Robert Tibshirani},
 year = {2010},
 title = {Regularization Paths for Generalized Linear Models via Coordinate Descent},
 journal = {Journal of Statistical Software},
 volume = {33},
 number = {1},
 pages = {1-22},
 url = {http://www.jstatsoft.org/v33/i01/},
}


@book{Rokach:2008:DMD:1796114,
 author = {Rokach, Lior and Maimon, Oded},
 title = {Data Mining with Decision Trees: Theroy and Applications},
 year = {2008},
 isbn = {9789812771711, 9812771719},
 publisher = {World Scientific Publishing Co., Inc.},
 address = {River Edge, NJ, USA},
}


@BOOK{cart84,
  author        = {L. Breiman and J. Friedman and R. Olshen and C. Stone},
  title         = {{Classification and Regression Trees}},
  publisher     = {Wadsworth and Brooks},
  address       = {Monterey, CA},
  year          = {1984},
  note          = {new edition \cite{cart93}?},
  remarks       = {cited in \cite{cslu:esca98mm, cslu:icslp98cronk, cstr:unitsel97} for CART, clustering, and decision trees},
  abstract      = {},
}



@article{Xu:2009:RRS:1577069.1755834,
 author = {Xu, Huan and Caramanis, Constantine and Mannor, Shie},
 title = {Robustness and Regularization of Support Vector Machines},
 journal = {J. Mach. Learn. Res.},
 issue_date = {12/1/2009},
 volume = {10},
 month = dec,
 year = {2009},
 issn = {1532-4435},
 pages = {1485--1510},
 numpages = {26},
 url = {http://dl.acm.org/citation.cfm?id=1577069.1755834},
 acmid = {1755834},
 publisher = {JMLR.org},
}



@inproceedings{Largeron:2011:EBF:1982185.1982389,
 author = {Largeron, Christine and Moulin, Christophe and G{\'e}ry, Mathias},
 title = {Entropy Based Feature Selection for Text Categorization},
 booktitle = {Proceedings of the 2011 ACM Symposium on Applied Computing},
 series = {SAC '11},
 year = {2011},
 isbn = {978-1-4503-0113-8},
 location = {TaiChung, Taiwan},
 pages = {924--928},
 numpages = {5},
 url = {http://doi.acm.org/10.1145/1982185.1982389},
 doi = {10.1145/1982185.1982389},
 acmid = {1982389},
 publisher = {ACM},
 address = {New York, NY, USA},
}



